%! Author = daniel.carlsson11
%! Date = 2023-10-16

